 
%  Ali
 @book{b0_stallman,
  place     = {Boston, MA},
  title     = {Free software free society: Selected essays of Richard M. Stallman},
  volume    = {3},
  publisher = {Free Software Foundation},
  author    = {Stallman, Richard},
  year      = {2015}
} 

% Ali
 @article{p1_def_succ,
  title   = {Defining success in Open Source Hardware Development Projects: A Survey of Practitioners},
  volume  = {8},
  doi     = {10.1017/dsj.2021.30},
  journal = {Design Science},
  author  = {Antoniou, Rafaella and Bonvoisin, Jérémy and Hsing, Pen-Yuan and Dekoninck, Elies and Defazio, Daniela},
  year    = {2022}
} 

% Ali
 @article{p1_1_value_creation,
  title   = {The effect of selective openness on value creation in user innovation communities},
  volume  = {31},
  doi     = {10.1111/jpim.12102},
  number  = {2},
  journal = {Journal of Product Innovation Management},
  author  = {Balka, Kerstin and Raasch, Christina and Herstatt, Cornelius},
  year    = {2013},
  pages   = {392–407}
} 

% Ali 
 @article{p2_factors,
  title   = {Identifying the factors affecting the replicability of open source hardware designs},
  volume  = {1},
  doi     = {10.1017/pds.2021.443},
  journal = {Proceedings of the Design Society},
  author  = {Antoniou, Rafaella and Pinquié, Romain and Boujut, Jean-François and Ezoji, Amer and Dekoninck, Elies},
  year    = {2021},
  pages   = {1817–1826}
} 

% Ali 
 @article{p3_participative,
  title   = {How participative is open source hardware? Insights from Online Repository Mining},
  volume  = {4},
  doi     = {10.1017/dsj.2018.15},
  journal = {Design Science},
  author  = {Bonvoisin, Jérémy and Buchert, Tom and Preidel, Maurice and Stark, Rainer G.},
  year    = {2018}
} 

% Ali 
 @article{p4_openness,
  title   = {Measuring openness in open source hardware with the open-O-meter},
  volume  = {78},
  doi     = {10.1016/j.procir.2018.08.306},
  journal = {Procedia CIRP},
  author  = {Bonvoisin, Jérémy and Mies, Robert},
  year    = {2018},
  pages   = {388–393}
} 

 @misc{OSH_association_def,
  title     = {Open Source Hardware (OSHW) Statement of Principles 1.0},
  url       = {https://www.oshwa.org/definition/},
  journal   = {Open Source Hardware Association},
  publisher = {Open Source Hardware Association},
  year      = {2021},
  month     = {May}
} 

 @article{p5_communities,
  title   = {Open source hardware communities: Investigating participation in design activities},
  volume  = {1},
  doi     = {10.1017/dsi.2019.237},
  number  = {1},
  journal = {Proceedings of the Design Society: International Conference on Engineering Design},
  author  = {Boujut, Jean-François and Pourroy, Franck and Marin, Philippe and Dai, Jason and Richardot, Gilles},
  year    = {2019},
  pages   = {2307–2316}
} 
 @article{p6_standardisation,
  title   = {Standardisation of practices in open source hardware},
  volume  = {4},
  doi     = {10.5334/joh.22},
  number  = {1},
  journal = {Journal of Open Hardware},
  author  = {Bonvoisin, Jérémy and Molloy, Jenny and Häuer, Martin and Wenzel, Tobias},
  year    = {2020}
} 
 @article{p7_challenges,
  title   = {Issues and challenges of knowledge management in online open source hardware communities},
  volume  = {6},
  doi     = {10.1017/dsj.2020.18},
  journal = {Design Science},
  author  = {Dai, Jason Xinghang and Boujut, Jean-François and Pourroy, Franck and Marin, Philippe},
  year    = {2020}
} 
 @article{p8_businessModel,
  title   = {Does open source hardware have a sustainable business model? an analysis of value creation and capture mechanisms in open source hardware companies},
  volume  = {1},
  doi     = {10.1017/dsi.2019.230},
  number  = {1},
  journal = {Proceedings of the Design Society: International Conference on Engineering Design},
  author  = {Li, Zhuoxuan and Seering, Warren},
  year    = {2019},
  pages   = {2239–2248}
} 
 @article{p9_whyFOSS,
  title   = {Why open source?: Exploring the motivations of using an open model for hardware development},
  doi     = {10.1115/detc2017-68195},
  journal = {Volume 1: 37th Computers and Information in Engineering Conference},
  author  = {Li, Zhuoxuan and Seering, Warren and Ramos, Joshua David and Yang, Maria and Wallace, David Robert},
  year    = {2017}
} 
 @article{p10_assess,
  title   = {Assessing the openness and conviviality of open source technology: The case of the WikiHouse},
  volume  = {11},
  doi     = {10.3390/su11174746},
  number  = {17},
  journal = {Sustainability},
  author  = {Priavolou, Christina and Niaros, Vasilis},
  year    = {2019},
  pages   = {4746}
} 
 @misc{p11_value,
  title   = {Quantifying the value of Open Source Hardware Development},
  url     = {https://papers.ssrn.com/sol3/papers.cfm?abstract_id=3331131},
  journal = {SSRN},
  author  = {Pearce, Joshua M.},
  year    = {2019},
  month   = {Mar}
} 

% Misc %

@misc{song_GNUs_Not_Unix,
  author       = {Daniel Kelly},
  howpublished = {Online},
  title        = {GNU's Not Unix (v1.2)},
  year         = {2022}
}

@article{7973568,
  author    = {Saari, M. and bin Baharudin, A. Muzaffar and Hyrynsalmi, S.},
  booktitle = {2017 40th International Convention on Information and Communication Technology, Electronics and Microelectronics (MIPRO)},
  title     = {Survey of prototyping solutions utilizing Raspberry Pi},
  year      = {2017},
  volume    = {},
  number    = {},
  pages     = {991-994},
  doi       = {10.23919/MIPRO.2017.7973568}
}

@article{sullivan2016robotic,
  title     = {Robotic construction kits as computational manipulatives for learning in the STEM disciplines},
  author    = {Sullivan, Florence R and Heffernan, John},
  journal   = {Journal of Research on Technology in Education},
  volume    = {48},
  number    = {2},
  pages     = {105--128},
  year      = {2016},
  publisher = {Taylor \& Francis}
}
@article{heradio2018open,
  title     = {Open-source hardware in education: A systematic mapping study},
  author    = {Heradio, Ruben and Chacon, Jesus and Vargas, Hector and Galan, Daniel and Saenz, Jacobo and De La Torre, Luis and Dormido, Sebastian},
  journal   = {Ieee Access},
  volume    = {6},
  pages     = {72094--72103},
  year      = {2018},
  publisher = {IEEE}
}
@article{gough2017introduction,
  title     = {An introduction to systematic reviews},
  author    = {Gough, David and Thomas, James and Oliver, Sandy},
  journal   = {An introduction to systematic reviews},
  pages     = {1--352},
  year      = {2017},
  publisher = {SAGE Publications ltd}
}


@book{petticrew2008systematic,
  title     = {Systematic reviews in the social sciences: A practical guide},
  author    = {Petticrew, Mark and Roberts, Helen},
  year      = {2008},
  publisher = {John Wiley \& Sons}
}
@article{page2021prisma,
  title     = {The PRISMA 2020 statement: an updated guideline for reporting systematic reviews},
  author    = {Page, Matthew J and McKenzie, Joanne E and Bossuyt, Patrick M and Boutron, Isabelle and Hoffmann, Tammy C and Mulrow, Cynthia D and Shamseer, Larissa and Tetzlaff, Jennifer M and Akl, Elie A and Brennan, Sue E and others},
  journal   = {International journal of surgery},
  volume    = {88},
  pages     = {105906},
  year      = {2021},
  publisher = {Elsevier}
}

@article{petersen2015guidelines,
  title     = {Guidelines for conducting systematic mapping studies in software engineering: An update},
  author    = {Petersen, Kai and Vakkalanka, Sairam and Kuzniarz, Ludwik},
  journal   = {Information and software technology},
  volume    = {64},
  pages     = {1--18},
  year      = {2015},
  publisher = {Elsevier}
}

@article{ariza2022low,
  title     = {Low-cost Assistive Technologies for Disabled People Using Open-Source Hardware and Software: A Systematic Literature Review},
  author    = {Ariza, Jonathan {\'A}lvarez and Pearce, Joshua M},
  journal   = {IEEE Access},
  year      = {2022},
  publisher = {IEEE}
}
@article{van2013vosviewer,
  title   = {VOSviewer manual},
  author  = {Van Eck, Nees Jan and Waltman, Ludo},
  journal = {Leiden: Univeristeit Leiden},
  volume  = {1},
  number  = {1},
  pages   = {1-53},
  year    = {2013}
}
@article{sotiriadou2014choosing,
  title     = {Choosing a qualitative data analysis tool: A comparison of NVivo and Leximancer},
  author    = {Sotiriadou, Popi and Brouwers, Jessie and Le, Tuan-Anh},
  journal   = {Annals of leisure research},
  volume    = {17},
  number    = {2},
  pages     = {218--234},
  year      = {2014},
  publisher = {Taylor \& Francis}
}
@article{lammey2016using,
  title   = {Using the Crossref Metadata API to explore publisher content},
  author  = {Lammey, Rachael},
  journal = {Sci Ed},
  volume  = {3},
  number  = {3},
  pages   = {109--11},
  year    = {2016}
}

@article{wohlin2014guidelines,
  title     = {Guidelines for snowballing in systematic literature studies and a replication in software engineering},
  author    = {Wohlin, Claes},
  booktitle = {Proceedings of the 18th international conference on evaluation and assessment in software engineering},
  pages     = {1--10},
  year      = {2014}
}

 
@article{OSH_mappingStudy,
  title   = {Open-source hardware in education: A systematic mapping study},
  volume  = {6},
  doi     = {10.1109/access.2018.2881929},
  journal = {IEEE Access},
  author  = {Heradio, Ruben and Chacon, Jesus and Vargas, Hector and Galan, Daniel and Saenz, Jacobo and De La Torre, Luis and Dormido, Sebastian},
  year    = {2018},
  pages   = {72094–72103}
} 
@article{alami2018influencers,
  title     = {Influencers of quality assurance in an open source community},
  author    = {Alami, Adam and Dittrich, Yvonne and W{\k{a}}sowski, Andrzej},
  booktitle = {Proceedings of the 11th International Workshop on Cooperative and Human Aspects of Software Engineering},
  pages     = {61--68},
  year      = {2018}
}




@article{chen2021research,
  title        = {Research on the Application and Optimization of Open Source Hardware and Programming in Education of Digital Media Art Design},
  author       = {Chen, Yuanyuan and Zhou, Ling},
  booktitle    = {2021 2nd International Seminar on Artificial Intelligence, Networking and Information Technology (AINIT)},
  pages        = {548--552},
  year         = {2021},
  organization = {IEEE}
}
@article{papazoglou2017openhardsim,
  title        = {OpenHardSim: An open source hardware based simulator for learning microprocessors},
  author       = {Papazoglou, Panayotis and Moschos, Anastasios},
  booktitle    = {2017 IEEE Global Engineering Education Conference (EDUCON)},
  pages        = {157--160},
  year         = {2017},
  organization = {IEEE}
}
@article{martinez2017open,
  title        = {Open source, modular, customizable, 3-D printed kinesthetic haptic devices},
  author       = {Martinez, Melisa Orta and Campion, Joseph and Gholami, Tara and Rittikaidachar, Michal K and Barron, Aaron C and Okamura, Allison M},
  booktitle    = {2017 IEEE World Haptics Conference (WHC)},
  pages        = {142--147},
  year         = {2017},
  organization = {IEEE}
}
@article{vrochidou2018open,
  title        = {Open-source robotics: investigation on existing platforms and their application in education},
  author       = {Vrochidou, Eleni and Manios, Michail and Papakostas, George A and Aitsidis, Charalabos N and Panagiotopoulos, Fotis},
  booktitle    = {2018 26th International Conference on Software, Telecommunications and Computer Networks (SoftCOM)},
  pages        = {1--6},
  year         = {2018},
  organization = {IEEE}
}
@article{nakamoto2019development,
  title        = {Development of an open-source educational and research platform for autonomous cars},
  author       = {Nakamoto, Naohiro and Kobayashi, Hiroyuki},
  booktitle    = {IECON 2019-45th Annual Conference of the IEEE Industrial Electronics Society},
  volume       = {1},
  pages        = {6871--6876},
  year         = {2019},
  organization = {IEEE}
}
@article{rankovska2022applying,
  title        = {Applying Free and Open-Source Tools in Microcontroller Laboratory Classes},
  author       = {Rankovska, Valentina V and Goranov, Goran D},
  booktitle    = {2022 57th International Scientific Conference on Information, Communication and Energy Systems and Technologies (ICEST)},
  pages        = {1--4},
  year         = {2022},
  organization = {IEEE}
}
@article{beneder2017development,
  title        = {Development of a low-cost, open-source measurement equipment for undergraduate courses dedicated to embedded systems},
  author       = {Beneder, Roman and Lechner, Markus and Schmitt, Patrick},
  booktitle    = {IEEE EUROCON 2017-17th International Conference on Smart Technologies},
  pages        = {187--192},
  year         = {2017},
  organization = {IEEE}
}
@article{koleff2019development,
  title        = {Development of a modular open source power electronics didactic platform},
  author       = {Koleff, Lucas and Valentim, Gustavo and Rael, Victor and Marques, Luciana and Komatsu, Wilson and Pellini, Eduardo and Matakas, Louren{\c{c}}o},
  booktitle    = {2019 IEEE 15th Brazilian Power Electronics Conference and 5th IEEE Southern Power Electronics Conference (COBEP/SPEC)},
  pages        = {1--6},
  year         = {2019},
  organization = {IEEE}
}
@article{mondada2017bringing,
  title     = {Bringing robotics to formal education: The thymio open-source hardware robot},
  author    = {Mondada, Francesco and Bonani, Michael and Riedo, Fanny and Briod, Manon and Pereyre, L{\'e}a and R{\'e}tornaz, Philippe and Magnenat, St{\'e}phane},
  journal   = {IEEE Robotics \& Automation Magazine},
  volume    = {24},
  number    = {1},
  pages     = {77--85},
  year      = {2017},
  publisher = {IEEE}
}
@article{cabrera2019integration,
  title        = {Integration of Industrial Power Quality Analyzer and Open Source Hardware and Software Solution for Microgrids Monitoring},
  author       = {Cabrera, Hans and Torres, Jorge and Morales, Anibal S and Ram{\'\i}rez, Guillermo and others},
  booktitle    = {2019 IEEE CHILEAN Conference on Electrical, Electronics Engineering, Information and Communication Technologies (CHILECON)},
  pages        = {1--6},
  year         = {2019},
  organization = {IEEE}
}
@article{beal2020stabilizing,
  title        = {Stabilizing Long-period Orbits in Chaotic Oscillators with Open-source Hardware},
  author       = {Beal, AN and Erickson, CJ and Alim, ME and Nguyen, ED},
  booktitle    = {2020 SoutheastCon},
  pages        = {1--6},
  year         = {2020},
  organization = {IEEE}
}
@article{lin2017teaching,
  title        = {Teaching and learning next generation mobile communication networks through open source openAirInterface testbeds},
  author       = {Lin, Po-Chiang and Huang, Sheng-Lun and Li, Xin-Yuan},
  booktitle    = {2017 Asia-Pacific Signal and Information Processing Association Annual Summit and Conference (APSIPA ASC)},
  pages        = {1475--1478},
  year         = {2017},
  organization = {IEEE}
}
@article{takacs2021bobshield,
  title        = {Bobshield: An open-source miniature “ball and beam” device for control engineering education},
  author       = {Tak{\'a}cs, Gergely and Mikul{\'a}{\v{s}}, Erik and Vargov{\'a}, Anna and Konkoly, Tibor and {\v{S}}{\'\i}ma, Patrik and Vadovi{\v{c}}, Luk{\'a}{\v{s}} and B{\'\i}ro, Mat{\'u}{\v{s}} and Michal, Marko and {\v{S}}imovec, Matej and Gulan, Martin},
  booktitle    = {2021 IEEE Global Engineering Education Conference (EDUCON)},
  pages        = {1155--1161},
  year         = {2021},
  organization = {IEEE}
}
@article{vcehovin2023low,
  title     = {Low-Cost Open-Source Robotic Platform for Education},
  author    = {{\v{C}}ehovin Zajc, Luka and Rezelj, An{\v{z}}e and Sko{\v{c}}aj, Danijel},
  journal   = {IEEE Transactions on Learning Technologies},
  volume    = {16},
  number    = {1},
  pages     = {18--25},
  year      = {2023},
  publisher = {IEEE}
}
@article{ahmed2021gr,
  title        = {gr-owc: An open source GNURadio-based toolkit for optical wireless communications},
  author       = {Ahmed, Arsalan and Rahaim, Michael B},
  booktitle    = {2021 17th International Conference on Wireless and Mobile Computing, Networking and Communications (WiMob)},
  pages        = {48--53},
  year         = {2021},
  organization = {IEEE}
}
@article{alam2022open,
  title        = {Open-Source Chip Design in Academic Education},
  author       = {Alam, Syed Anas and Enevoldsen, Jakob Furbo and Eriksen, Andreas Alkjaer and Hartmann, Niels William and Helk, Ulrik and Jakobsen, J$\phi$rgen Kragh and Jensen, Christa Skytte and Jespersen, Nicolai Dyre B{\"u}low and Krause, Karl Herman and Nordstr$\phi$m, Mads Rumle and others},
  booktitle    = {2022 IEEE Nordic Circuits and Systems Conference (NorCAS)},
  pages        = {1--6},
  year         = {2022},
  organization = {IEEE}
}
@article{mlakic2019open,
  title        = {An open-source hardware/software IED based on IoT and IEC 61850 Standard},
  author       = {Mlaki{\'c}, Dragan and Nikolovski, Srete and Baghaee, Hamid Reza},
  booktitle    = {2019 2nd International Colloquium on Smart Grid Metrology (SMAGRIMET)},
  pages        = {1--6},
  year         = {2019},
  organization = {IEEE}
}
@article{fan2021open,
  title        = {An Open-Source Programming Language-Based Interactive Device: Popular Science of the Five Cereals for Children},
  author       = {Fan, Yuning},
  booktitle    = {2021 IEEE 2nd International Conference on Big Data, Artificial Intelligence and Internet of Things Engineering (ICBAIE)},
  pages        = {758--761},
  year         = {2021},
  organization = {IEEE}
}

@article{pashaei2018live,
  title        = {Live Demonstration: An Open-Source Test-Bench for Autonomous Ultrasound Imaging},
  author       = {Pashaei, Vida and Roman, Alex and Mandal, Soumyajit},
  booktitle    = {2018 IEEE Biomedical Circuits and Systems Conference (BioCAS)},
  pages        = {1--1},
  year         = {2018},
  organization = {IEEE}
}
@article{slade2021open,
  title     = {An open-source and wearable system for measuring 3D human motion in real-time},
  author    = {Slade, Patrick and Habib, Ayman and Hicks, Jennifer L and Delp, Scott L},
  journal   = {IEEE Transactions on Biomedical Engineering},
  volume    = {69},
  number    = {2},
  pages     = {678--688},
  year      = {2021},
  publisher = {IEEE}
}
@article{arfan2020vision,
  title        = {Vision Intelligence KineTic Opensource Robot (VIKTOR III)},
  author       = {Arfan, Mohammed and Lakshminarayana, C},
  booktitle    = {2020 2nd International Conference on Innovative Mechanisms for Industry Applications (ICIMIA)},
  pages        = {367--371},
  year         = {2020},
  organization = {IEEE}
}

@article{ma2017yale,
  title     = {Yale openhand project: Optimizing open-source hand designs for ease of fabrication and adoption},
  author    = {Ma, Raymond and Dollar, Aaron},
  journal   = {IEEE Robotics \& Automation Magazine},
  volume    = {24},
  number    = {1},
  pages     = {32--40},
  year      = {2017},
  publisher = {IEEE}
}

@article{yip2017spurring,
  title     = {Spurring innovation in spatial haptics: how open-source hardware can turn creativity loose},
  author    = {Yip, Michael C and Forsslund, Jonas},
  journal   = {IEEE Robotics \& Automation Magazine},
  volume    = {24},
  number    = {1},
  pages     = {65--76},
  year      = {2017},
  publisher = {IEEE}
}

@article{chenguang2018control,
  title        = {Control system design for micro AUV based on open source hardware},
  author       = {Chenguang, Wang and Zhiqiang, Hu and Yi, Yang and Lingbo, Geng and Ling, Wang},
  booktitle    = {2018 IEEE International Conference on Information and Automation (ICIA)},
  pages        = {980--984},
  year         = {2018},
  organization = {IEEE}
}

@article{rakitin2022open,
  title        = {Open Source Hardware-Advantages and Applications},
  author       = {Rakitin, Ivo and Markova, Valentina Ilieva},
  booktitle    = {2021 International Conference on Biomedical Innovations and Applications (BIA)},
  volume       = {1},
  pages        = {21--24},
  year         = {2022},
  organization = {IEEE}
}
 @misc{cern_launch,
  title   = {CERN launches open hardware initiative},
  url     = {https://press.cern/news/press-release/cern/cern-launches-open-hardware-initiative},
  journal = {CERN},
  author  = {CERN}
} 

@article{piyare2018kratos,
  title        = {KRATOS: An Open Source Hardware-Software Platform for Rapid Research in LPWANs},
  author       = {Piyare, Rajeev and Murphy, Amy L and Magno, Michele and Benini, Luca},
  booktitle    = {2018 14th International Conference on Wireless and Mobile Computing, Networking and Communications (WiMob)},
  pages        = {1--4},
  year         = {2018},
  organization = {IEEE}
}

@article{chupilko2021survey,
  title        = {Survey of Open-source Flows for Digital Hardware Design},
  author       = {Chupilko, Mikhail and Kamkin, Alexander and Smolov, Sergey},
  booktitle    = {2021 Ivannikov Memorial Workshop (IVMEM)},
  pages        = {11--16},
  year         = {2021},
  organization = {IEEE}
}

@article{urrutia2017recorder,
  title        = {Recorder of climatic variables and river levels using open source software and hardware and mobile phone},
  author       = {Urrutia, Jos{\'e} Wilber Calder{\'o}n and Miranda, Jos{\'e} Rigoberto Osegueda},
  booktitle    = {2017 IEEE 37th Central America and Panama Convention (CONCAPAN XXXVII)},
  pages        = {1--6},
  year         = {2017},
  organization = {IEEE}
}

@article{kessler2019bridging,
  title        = {Bridging the gap between open source software and vehicle hardware for autonomous driving},
  author       = {Kessler, Tobias and Bernhard, Julian and Buechel, Martin and Esterle, Klemens and Hart, Patrick and Malovetz, Daniel and Le, Michael Truong and Diehl, Frederik and Brunner, Thomas and Knoll, Alois},
  booktitle    = {2019 IEEE Intelligent Vehicles Symposium (IV)},
  pages        = {1612--1619},
  year         = {2019},
  organization = {IEEE}
}

@article{peters2022success,
  title        = {Success factors for Company-Community-Collaboration in Open-Source Hardware Development facilitated by Makerspaces},
  author       = {Peters, Ina and Hofer, Margit and Gloss, Thomas Maximilian and Stark, Rainer},
  booktitle    = {2022 IEEE International Conference on Technology Management, Operations and Decisions (ICTMOD)},
  pages        = {1--8},
  year         = {2022},
  organization = {IEEE}
}

@inproceedings{fernandez2021open,
  title={An open-source FPGA-based control and data acquisition hardware platform},
  author={Fernandez-Rodriguez, Luis Ernesto and Rodriguez-Resendiz, Juvenal and Martinez-Hernandez, Mois{\'e}s Agustin},
  booktitle={2021 XVII International Engineering Congress (CONIIN)},
  pages={1--11},
  year={2021},
  organization={IEEE}
}

@inproceedings{parnamets2022open,
  title={Open Source Hardware Cost-Effective Imaging Sensors for High-Throughput Droplet Microfluidic Systems},
  author={Parnamets, Kaiser and Koel, Ants and Pardy, Tamas and Rang, Toomas},
  booktitle={2022 26th International Conference Electronics},
  pages={1--6},
  year={2022},
  organization={IEEE}
}

@inproceedings{abunei2018open,
  title={Open source hardware and software V2V emergency braking warning application},
  author={Abunei, Adrian and Comsa, Ciprian and Mnesciuc, Dumitru and Ferent, Marius and Drenciu, Andreea},
  booktitle={2018 10th International Conference on Electronics, Computers and Artificial Intelligence (ECAI)},
  pages={1--4},
  year={2018},
  organization={IEEE}
}

@inproceedings{marcelic2019electrical,
  title={Electrical measurements error analysis laboratory exercise using an open-source hardware platform},
  author={Marceli{\'c}, Mateo and Sandri{\'c}, Bruno and Leto, Ivana and Jur{\v{c}}evi{\'c}, Marko},
  booktitle={2019 2nd International Colloquium on Smart Grid Metrology (SMAGRIMET)},
  pages={1--5},
  year={2019},
  organization={IEEE}
}

@inproceedings{palossi2019open,
  title={An open source and open hardware deep learning-powered visual navigation engine for autonomous nano-UAVs},
  author={Palossi, Daniele and Conti, Francesco and Benini, Luca},
  booktitle={2019 15th International Conference on Distributed Computing in Sensor Systems (DCOSS)},
  pages={604--611},
  year={2019},
  organization={IEEE}
}

@inproceedings{parnamets2022open,
  title={Open Source Hardware Cost-Effective Imaging Sensors for High-Throughput Droplet Microfluidic Systems},
  author={Parnamets, Kaiser and Koel, Ants and Pardy, Tamas and Rang, Toomas},
  booktitle={2022 26th International Conference Electronics},
  pages={1--6},
  year={2022},
  organization={IEEE}
}

@inproceedings{easwaran2018programmable,
  title={Programmable Logic Controller: Open Source Hardware and Software for Massive Training},
  author={Easwaran, E Vishnu and Kushalkar, Rajesh and Tigadi, Nivedita and Moudgalya, Kannan M and Chipkar, Akshav and Zoitl, Alois and Akshai, M and Alves, Thiago},
  booktitle={IECON 2018-44th Annual Conference of the IEEE Industrial Electronics Society},
  pages={2422--2427},
  year={2018},
  organization={IEEE}
}
@inproceedings{cabrera2019integration,
  title={Integration of Industrial Power Quality Analyzer and Open Source Hardware and Software Solution for Microgrids Monitoring},
  author={Cabrera, Hans and Torres, Jorge and Morales, Anibal S and Ram{\'\i}rez, Guillermo and others},
  booktitle={2019 IEEE CHILEAN Conference on Electrical, Electronics Engineering, Information and Communication Technologies (CHILECON)},
  pages={1--6},
  year={2019},
  organization={IEEE}
}
@inproceedings{beal2020stabilizing,
  title={Stabilizing Long-period Orbits in Chaotic Oscillators with Open-source Hardware},
  author={Beal, AN and Erickson, CJ and Alim, ME and Nguyen, ED},
  booktitle={2020 SoutheastCon},
  pages={1--6},
  year={2020},
  organization={IEEE}
}
@inproceedings{abunei2018open,
  title={Open source hardware and software V2V emergency braking warning application},
  author={Abunei, Adrian and Comsa, Ciprian and Mnesciuc, Dumitru and Ferent, Marius and Drenciu, Andreea},
  booktitle={2018 10th International Conference on Electronics, Computers and Artificial Intelligence (ECAI)},
  pages={1--4},
  year={2018},
  organization={IEEE}
}

@inproceedings{marcelic2019electrical,
  title={Electrical measurements error analysis laboratory exercise using an open-source hardware platform},
  author={Marceli{\'c}, Mateo and Sandri{\'c}, Bruno and Leto, Ivana and Jur{\v{c}}evi{\'c}, Marko},
  booktitle={2019 2nd International Colloquium on Smart Grid Metrology (SMAGRIMET)},
  pages={1--5},
  year={2019},
  organization={IEEE}
}

@inproceedings{chakaravarthy2021vision,
  title={Vision Control Unit in Fully Self Driving Vehicles using Xilinx MPSoC and Opensource Stack},
  author={Chakaravarthy, Ravikumar V and Kwon, Hyun and Jiang, Hua},
  booktitle={Proceedings of the 26th Asia and South Pacific Design Automation Conference},
  pages={311--317},
  year={2021}
}

@inproceedings{wrutz2017internet,
  title={An internet platform for open-source robot offline programming interface RoBO2L},
  author={Wr{\"u}tz, Tim and Golz, Jens and Biesenbach, Rolf},
  booktitle={2017 14th International Multi-Conference on Systems, Signals \& Devices (SSD)},
  pages={665--668},
  year={2017},
  organization={IEEE}
}

@inproceedings{carloni2020scalable,
  title={Scalable Open-Source System-on-Chip Design:(Invited Talk-Extended Abstract)},
  author={Carloni, Luca P},
  booktitle={2020 IFIP/IEEE 28th International Conference on Very Large Scale Integration (VLSI-SOC)},
  pages={7--9},
  year={2020},
  organization={IEEE}
}

@inproceedings{pintilie2019i2c,
  title={An I2C and Ethernet based open-source solution for home automation in the IoT context},
  author={Pintilie, Lucian Nicolae and Pop, Titus and Gros, Ioana Cornelia and Iuoras, Adrian Mihai},
  booktitle={2019 54th International Universities Power Engineering Conference (UPEC)},
  pages={1--4},
  year={2019},
  organization={IEEE}
}

@inproceedings{starks2023heroswarm,
  title={HeRoSwarm: Fully-Capable Miniature Swarm Robot Hardware Design With Open-Source ROS Support},
  author={Starks, Michael and Gupta, Aryan and OV, Sanjay Sarma and Parasuraman, Ramviyas},
  booktitle={2023 IEEE/SICE International Symposium on System Integration (SII)},
  pages={1--7},
  year={2023},
  organization={IEEE}
}

@article{vandevelde2017yourself,
  title={Do-it-yourself design for social robots: An open-source hardware platform to encourage innovation},
  author={Vandevelde, Cesar and Wyffels, Francis and Vanderborght, Bram and Saldien, Jelle},
  journal={IEEE Robotics \& Automation Magazine},
  volume={24},
  number={1},
  pages={86--94},
  year={2017},
  publisher={IEEE}
}

@article{de2021open,
  title={An Open-Source Robotic Tool for the Simulation of Quasi-Static Finger Pressing on Stationary and Vibrating Surfaces},
  author={De Pra, Yuri and Papetti, Stefano and Fontana, Federico and Tiberi, Emidio},
  journal={IEEE Transactions on Haptics},
  volume={14},
  number={2},
  pages={273--278},
  year={2021},
  publisher={IEEE}
}

@inproceedings{sruthi2021yolov5,
  title={YOLOv5 based Open-Source UAV for Human Detection during Search And Rescue (SAR)},
  author={Sruthi, MS and Poovathingal, Manal Jaleel and Nandana, VN and Lakshmi, S and Samshad, Mohamed and Sudeesh, VS},
  booktitle={2021 International Conference on Advances in Computing and Communications (ICACC)},
  pages={1--6},
  year={2021},
  organization={IEEE}
}

@inproceedings{da2022evasim,
  title={EvaSIM: a Software Simulator for the EVA Open-source Robotics Platform},
  author={da Rocha, Marcelo Marques and Cruz-Sandoval, Dagoberto and Favela, Jesus and Muchaluat-Saade, D{\'e}bora C},
  booktitle={2022 31st IEEE International Conference on Robot and Human Interactive Communication (RO-MAN)},
  pages={714--721},
  year={2022},
  organization={IEEE}
}
@article{mondada2017bringing,
  title={Bringing robotics to formal education: The thymio open-source hardware robot},
  author={Mondada, Francesco and Bonani, Michael and Riedo, Fanny and Briod, Manon and Pereyre, L{\'e}a and R{\'e}tornaz, Philippe and Magnenat, St{\'e}phane},
  journal={IEEE Robotics \& Automation Magazine},
  volume={24},
  number={1},
  pages={77--85},
  year={2017},
  publisher={IEEE}
}
@article{gupta2017kickstarting,
  title={Kickstarting semiconductor innovation with open source hardware},
  author={Gupta, Gagan and Nowatzki, Tony and Gangadhar, Vinay and Sankaralingam, Karthikeyan},
  journal={Computer},
  volume={50},
  number={6},
  pages={50--59},
  year={2017},
  publisher={IEEE}
}
@inproceedings{amid2021vertically,
  title={Vertically integrated computing labs using open-source hardware generators and cloud-hosted FPGAs},
  author={Amid, Alon and Ou, Albert and Asanovi{\'c}, Krste and Shao, Yakun Sophia and Nikoli{\'c}, Borivoje},
  booktitle={2021 IEEE International Symposium on Circuits and Systems (ISCAS)},
  pages={1--5},
  year={2021},
  organization={IEEE}
}
@inproceedings{galazka2021cithrus2,
  title={CiThruS2: Open-source photorealistic 3D framework for driving and traffic simulation in real time},
  author={Galazka, Emilian and Niemirepo, Teo T and Vanne, Jarno},
  booktitle={2021 IEEE International Intelligent Transportation Systems Conference (ITSC)},
  pages={3284--3291},
  year={2021},
  organization={IEEE}
}

@inproceedings{negrut2018synchrono,
  title={Synchrono: An open-source framework for physics-based simulation of collaborating robots},
  author={Negrut, Dan and Serban, Radu and Elmquist, Asher and Hatch, Dylan},
  booktitle={2018 IEEE International Conference on Simulation, Modeling, and Programming for Autonomous Robots (SIMPAR)},
  pages={101--107},
  year={2018},
  organization={IEEE}
}

@inproceedings{khaydarov2022mtppy,
  title={MTPPy: Open-Source AI-friendly Modular Automation},
  author={Khaydarov, Valentin and Neuendorf, Laura and Kock, Tobias and Kockmann, Norbert and Urbas, Leon},
  booktitle={2022 IEEE 27th International Conference on Emerging Technologies and Factory Automation (ETFA)},
  pages={1--7},
  year={2022},
  organization={IEEE}
}
@inproceedings{esmaeilzadeh2021verigood,
  title={VeriGOOD-ML: an open-source flow for automated ML hardware synthesis},
  author={Esmaeilzadeh, Hadi and Ghodrati, Soroush and Gu, Jie and Guo, Shiyu and Kahng, Andrew B and Kim, Joon Kyung and Kinzer, Sean and Mahapatra, Rohan and Manasi, Susmita Dey and Mascarenhas, Edwin and others},
  booktitle={2021 IEEE/ACM International Conference On Computer Aided Design (ICCAD)},
  pages={1--7},
  year={2021},
  organization={IEEE}
}
@inproceedings{easwaran2018programmable,
  title={Programmable Logic Controller: Open Source Hardware and Software for Massive Training},
  author={Easwaran, E Vishnu and Kushalkar, Rajesh and Tigadi, Nivedita and Moudgalya, Kannan M and Chipkar, Akshav and Zoitl, Alois and Akshai, M and Alves, Thiago},
  booktitle={IECON 2018-44th Annual Conference of the IEEE Industrial Electronics Society},
  pages={2422--2427},
  year={2018},
  organization={IEEE}
}
@inproceedings{guntaka2022modular,
  title={Modular Hardware, Open Source Software and Training Material for PLC Training},
  author={Guntaka, Harsha Priyanka and Kushalkar, Rajesh and Venkat, Nirmala and Chipkar, Akshay and Easwaran, Vishnu and Moudgalya, Kannan},
  booktitle={2022 10th International Conference on Control, Mechatronics and Automation (ICCMA)},
  pages={237--242},
  year={2022},
  organization={IEEE}
}
@inproceedings{koleff2019development,
  title={Development of a modular open source power electronics didactic platform},
  author={Koleff, Lucas and Valentim, Gustavo and Rael, Victor and Marques, Luciana and Komatsu, Wilson and Pellini, Eduardo and Matakas, Louren{\c{c}}o},
  booktitle={2019 IEEE 15th Brazilian Power Electronics Conference and 5th IEEE Southern Power Electronics Conference (COBEP/SPEC)},
  pages={1--6},
  year={2019},
  organization={IEEE}
}
@inproceedings{acharya2022performance,
  title={Performance Analysis of RTL to GDS-II Flow in Opensource Tool Qflow and Commercial Tool Cadence Encounter for Synchronous FIFO},
  author={Acharya, Deep and Mehta, Usha S},
  booktitle={2022 IEEE International Conference of Electron Devices Society Kolkata Chapter (EDKCON)},
  pages={199--204},
  year={2022},
  organization={IEEE}
}
@inproceedings{real2018data,
  title={Data acquisition and industrial control system based on Arduino Due using open-source hardware and software},
  author={Real, Gustavo Ernesto and Jaur{\'e}, Mar{\'\i}a Florencia and Vitali, Amado Osvaldo},
  booktitle={2018 XIII Technologies Applied to Electronics Teaching Conference (TAEE)},
  pages={1--7},
  year={2018},
  organization={IEEE}
}
@article{auerbach2018inquiry,
  title={Inquiry-based learning with RoboGen: An open-source software and hardware platform for robotics and artificial intelligence},
  author={Auerbach, Joshua E and Concordel, Alice and Kornatowski, Przemyslaw M and Floreano, Dario},
  journal={IEEE Transactions on Learning Technologies},
  volume={12},
  number={3},
  pages={356--369},
  year={2018},
  publisher={IEEE}
}
@inproceedings{lynch2020review,
  title={A review of open-source machine learning algorithms for twitter text sentiment analysis and image classification},
  author={Lynch, Conor and O’Leary, Christian and Smith, Gary and Bain, Rose and Kehoe, Jacqueline and Vakaloudis, Alex and Linger, Richrd},
  booktitle={2020 International Joint Conference on Neural Networks (IJCNN)},
  pages={1--9},
  year={2020},
  organization={IEEE}
}

@inproceedings{ling2021open,
  title={An open-source framework for the generation of RISC-V processor+ CGRA accelerator systems},
  author={Ling, Xiaoyi and Notsu, Takahiro and Anderson, Jason},
  booktitle={2021 24th Euromicro Conference on Digital System Design (DSD)},
  pages={35--42},
  year={2021},
  organization={IEEE}
}

@inproceedings{schreiber2019open,
  title={An open-source 7-axis, robotic platform to enable dexterous procedures within CT scanners},
  author={Schreiber, Dimitri A and Shak, Daniel B and Norbash, Alexander M and Yip, Michael C},
  booktitle={2019 IEEE/RSJ International Conference on Intelligent Robots and Systems (IROS)},
  pages={386--393},
  year={2019},
  organization={IEEE}
}

@inproceedings{wigand2018open,
  title={An open-source architecture for simulation, execution and analysis of real-time robotics systems},
  author={Wigand, Dennis Leroy and Mohammadi, Pouya and Hoffman, Enrico Mingo and Tsagarakis, Nikos G and Steil, Jochen J and Wrede, Sebastian},
  booktitle={2018 IEEE International Conference on Simulation, Modeling, and Programming for Autonomous Robots (SIMPAR)},
  pages={93--100},
  year={2018},
  organization={IEEE}
}

@inproceedings{xu2021surrol,
  title={Surrol: An open-source reinforcement learning centered and dvrk compatible platform for surgical robot learning},
  author={Xu, Jiaqi and Li, Bin and Lu, Bo and Liu, Yun-Hui and Dou, Qi and Heng, Pheng-Ann},
  booktitle={2021 IEEE/RSJ International Conference on Intelligent Robots and Systems (IROS)},
  pages={1821--1828},
  year={2021},
  organization={IEEE}
}

@article{bhat2019openhealth,
  title={OpenHealth: open-source platform for wearable health monitoring},
  author={Bhat, Ganapati and Deb, Ranadeep and Ogras, Umit Y},
  journal={IEEE Design \& Test},
  volume={36},
  number={5},
  pages={27--34},
  year={2019},
  publisher={IEEE}
}

@article{slade2021open,
  title={An open-source and wearable system for measuring 3D human motion in real-time},
  author={Slade, Patrick and Habib, Ayman and Hicks, Jennifer L and Delp, Scott L},
  journal={IEEE Transactions on Biomedical Engineering},
  volume={69},
  number={2},
  pages={678--688},
  year={2021},
  publisher={IEEE}
}
