 
 @book{b0_stallman,
  place     = {Boston, MA},
  title     = {Free software free society: Selected essays of Richard M. Stallman},
  volume    = {3},
  publisher = {Free Software Foundation},
  author    = {Stallman, Richard},
  year      = {2015}
} 

 @article{p1_def_succ,
  title   = {Defining success in Open Source Hardware Development Projects: A Survey of Practitioners},
  volume  = {8},
  doi     = {10.1017/dsj.2021.30},
  journal = {Design Science},
  author  = {Antoniou, Rafaella and Bonvoisin, Jérémy and Hsing, Pen-Yuan and Dekoninck, Elies and Defazio, Daniela},
  year    = {2022}
} 
 @article{p2_factors,
  title   = {Identifying the factors affecting the replicability of open source hardware designs},
  volume  = {1},
  doi     = {10.1017/pds.2021.443},
  journal = {Proceedings of the Design Society},
  author  = {Antoniou, Rafaella and Pinquié, Romain and Boujut, Jean-François and Ezoji, Amer and Dekoninck, Elies},
  year    = {2021},
  pages   = {1817–1826}
} 
 @article{p3_participative,
  title   = {How participative is open source hardware? Insights from Online Repository Mining},
  volume  = {4},
  doi     = {10.1017/dsj.2018.15},
  journal = {Design Science},
  author  = {Bonvoisin, Jérémy and Buchert, Tom and Preidel, Maurice and Stark, Rainer G.},
  year    = {2018}
} 
 @article{p4_openness,
  title   = {Measuring openness in open source hardware with the open-O-meter},
  volume  = {78},
  doi     = {10.1016/j.procir.2018.08.306},
  journal = {Procedia CIRP},
  author  = {Bonvoisin, Jérémy and Mies, Robert},
  year    = {2018},
  pages   = {388–393}
} 


 @article{p5_communities,
  title   = {Open source hardware communities: Investigating participation in design activities},
  volume  = {1},
  doi     = {10.1017/dsi.2019.237},
  number  = {1},
  journal = {Proceedings of the Design Society: International Conference on Engineering Design},
  author  = {Boujut, Jean-François and Pourroy, Franck and Marin, Philippe and Dai, Jason and Richardot, Gilles},
  year    = {2019},
  pages   = {2307–2316}
} 
 @article{p6_standardisation,
  title   = {Standardisation of practices in open source hardware},
  volume  = {4},
  doi     = {10.5334/joh.22},
  number  = {1},
  journal = {Journal of Open Hardware},
  author  = {Bonvoisin, Jérémy and Molloy, Jenny and Häuer, Martin and Wenzel, Tobias},
  year    = {2020}
} 
 @article{p7_challenges,
  title   = {Issues and challenges of knowledge management in online open source hardware communities},
  volume  = {6},
  doi     = {10.1017/dsj.2020.18},
  journal = {Design Science},
  author  = {Dai, Jason Xinghang and Boujut, Jean-François and Pourroy, Franck and Marin, Philippe},
  year    = {2020}
} 
 @article{p8_businessModel,
  title   = {Does open source hardware have a sustainable business model? an analysis of value creation and capture mechanisms in open source hardware companies},
  volume  = {1},
  doi     = {10.1017/dsi.2019.230},
  number  = {1},
  journal = {Proceedings of the Design Society: International Conference on Engineering Design},
  author  = {Li, Zhuoxuan and Seering, Warren},
  year    = {2019},
  pages   = {2239–2248}
} 
 @article{p9_whyFOSS,
  title   = {Why open source?: Exploring the motivations of using an open model for hardware development},
  doi     = {10.1115/detc2017-68195},
  journal = {Volume 1: 37th Computers and Information in Engineering Conference},
  author  = {Li, Zhuoxuan and Seering, Warren and Ramos, Joshua David and Yang, Maria and Wallace, David Robert},
  year    = {2017}
} 
 @article{p10_assess,
  title   = {Assessing the openness and conviviality of open source technology: The case of the WikiHouse},
  volume  = {11},
  doi     = {10.3390/su11174746},
  number  = {17},
  journal = {Sustainability},
  author  = {Priavolou, Christina and Niaros, Vasilis},
  year    = {2019},
  pages   = {4746}
} 
 @misc{p11_value,
  title   = {Quantifying the value of Open Source Hardware Development},
  url     = {https://papers.ssrn.com/sol3/papers.cfm?abstract_id=3331131},
  journal = {SSRN},
  author  = {Pearce, Joshua M.},
  year    = {2019},
  month   = {Mar}
} 

% Misc %

@misc{song_GNUs_Not_Unix,
  author       = {Daniel Kelly},
  howpublished = {Online},
  title        = {GNU's Not Unix (v1.2)},
  year         = {2022}
}